@incollection{IEEEexample:incollectionmanyauthors,
  author        = "R. M. A. Dawson and Z. Shen and D. A. Furst and
                   S. Connor and J. Hsu and M. G. Kane and R. G. Stewart and
                   A. Ipri and C. N. King and P. J. Green and R. T. Flegal
                   and S. Pearson and W. A. Barrow and E. Dickey and K. Ping
                   and C. W. Tang and S. Van. Slyke and
                   F. Chen and J. Shi and J. C. Sturm and M. H. Lu",
  title         = "Design of an Improved Pixel for a Polysilicon
                   Active-Matrix Organic {LED} Display",
  booktitle     = "{SID} Tech. Dig.",
  volume        = "29",
  year          = "1998",
  pages         = "11-14"
}
